<record><leader>00000cas a22000007a 4500</leader><controlfield tag="001">12729792</controlfield><controlfield tag="008">851028d18731uuupauwr ne      0    0eng d</controlfield><datafield ind1=" " ind2=" " tag="010"><subfield code="a">sn 85054824 </subfield></datafield><datafield ind1=" " ind2=" " tag="040"><subfield code="a">NPH</subfield><subfield code="b">eng</subfield><subfield code="c">NPH</subfield><subfield code="d">NVF</subfield><subfield code="d">OCLCQ</subfield><subfield code="d">OCLCO</subfield></datafield><datafield ind1="1" ind2=" " tag="029"><subfield code="a">AU@</subfield><subfield code="b">000024688418</subfield></datafield><datafield ind1=" " ind2=" " tag="042"><subfield code="a">msc</subfield></datafield><datafield ind1=" " ind2=" " tag="043"><subfield code="a">n-us-pa</subfield></datafield><datafield ind1="0" ind2=" " tag="130"><subfield code="a">Home news (Pittsburgh, Pa.)</subfield></datafield><datafield ind1="1" ind2="0" tag="245"><subfield code="a">Home news.</subfield></datafield><datafield ind1=" " ind2=" " tag="260"><subfield code="a">Temperanceville [i.e. Pittsburgh], Allegheny Co., Pa. :</subfield><subfield code="b">C. Knepper</subfield></datafield><datafield ind1=" " ind2=" " tag="300"><subfield code="a">v. :</subfield><subfield code="b">ill. ;</subfield><subfield code="c">51-59 cm.</subfield></datafield><datafield ind1=" " ind2=" " tag="310"><subfield code="a">Weekly</subfield></datafield><datafield ind1="1" ind2=" " tag="362"><subfield code="a">Began in 1873?</subfield></datafield><datafield ind1=" " ind2=" " tag="500"><subfield code="a">Published in: Temperanceville [Pittsburgh] Allegheny Co. &lt;Sept. 30, 1873-Apr. 7, 1876&gt;; Noblestown, Allegheny Co. &lt;July 7, 1876&gt;; West End [Pittsburgh] &lt;July 13, 1883&gt;.</subfield></datafield><datafield ind1=" " ind2=" " tag="588"><subfield code="a">Description based on: Vol. 1, no. 36 (Sept. 19, 1873).</subfield></datafield><datafield ind1=" " ind2="0" tag="651"><subfield code="a">Noblestown (Pa.)</subfield><subfield code="v">Newspapers.</subfield></datafield><datafield ind1=" " ind2="0" tag="651"><subfield code="a">Pittsburgh (Pa.)</subfield><subfield code="v">Newspapers.</subfield></datafield><datafield ind1=" " ind2=" " tag="752"><subfield code="a">United States</subfield><subfield code="b">Pennsylvania</subfield><subfield code="c">Allegheny</subfield><subfield code="d">Pittsburgh.</subfield></datafield><datafield ind1=" " ind2=" " tag="752"><subfield code="a">United States</subfield><subfield code="b">Pennsylvania</subfield><subfield code="c">Allegheny</subfield><subfield code="d">Noblestown.</subfield></datafield></record>